
@misc{ico,
  doi = {10.48550/ARXIV.1903.08278},
  
  url = {https://arxiv.org/abs/1903.08278},
  
  author = {Brakhage, Karl-Heinz and Niemeyer, Alice C. and Plesken, Wilhelm and Robertz, Daniel and Strzelczyk, Ansgar},
  
  keywords = {Group Theory (math.GR), FOS: Mathematics, FOS: Mathematics},
  
  title = {The icosahedra of edge length 1},
  
  publisher = {arXiv},
  
  year = {2019},
  
  copyright = {arXiv.org perpetual, non-exclusive license}
}
@misc{escher,
  author       = {Nicolas Schoeni, Wes Hardaker and Gervais Chapuis},
  title        = {Escher Web Sketch 2},
  howpublished = {\url{https://www.epfl.ch/schools/sb/research/iphys/teaching/crystallography/escher-web-sketch/}}
}

@book{forster2012analysis3,
  title     = {Analysis 3: Ma{\ss}- und Integrationstheorie, Integrals{\"a}tze im IRn und Anwendungen},
  author    = {Forster, O.},
  isbn      = {9783834823748},
  series    = {Aufbaukurs Mathematik},
  url       = {https://books.google.de/books?id=BNojBAAAQBAJ},
  year      = {2012},
  publisher = {Vieweg+Teubner Verlag}
}

@book{forster2017analysis2,
  title     = {Analysis 2: Differentialrechnung im IRn, gew{\"o}hnliche Differentialgleichungen},
  author    = {Forster, O.},
  isbn      = {9783658194116},
  series    = {Grundkurs Mathematik},
  url       = {https://books.google.de/books?id=qZo3DwAAQBAJ},
  year      = {2017},
  publisher = {Springer Fachmedien Wiesbaden}
}

@manual{GAP,
  key          = {GAP},
  organization = {The GAP~Group},
  title        = {GAP -- Groups, Algorithms, and Programming, Version 4.11.0},
  year         = {2020},
  url          = {\url{https://www.gap-system.org}}
}

@misc{GAPic,
  author       = {Niemeyer, A. and Akpanya, R. and G{\"o}rtzen, T. and Wei{\ss}, M. and Schnelle, L.},
  title        = {{GAPic}, GAP image creator, for visualizing structures, {V}ersion 0.1-beta},
  month        = Oct,
  year         = {2023},
  note         = {GAP package},
  howpublished = {\href{https://github.com/GAP-ART-RWTH/GAPic}{\texttt{https://github.com/}\discretionary{}{}{}\texttt{GAP-ART-RWTH/}\discretionary{}{}{}\texttt{GAPic}}},
  printedkey   = {NAGWS23}
}

@inproceedings{goertzen2022topological,
  title     = {Topological Interlocking via Symmetry”},
  author    = {Goertzen, Tom and Niemeyer, A and Plesken, Wilhelm},
  booktitle = {Concrete innovation for sustainability In: Proceedings for the 6th fib International Congress},
  pages     = {12--16},
  year      = {2022}
}

@misc{nebe2013,
  author    = {Gabriele Nebe},
  title     = {Mathematische Grundlagen, Winter semester},
  year      = {2013},
  publisher = {Lehrstuhl D fuer Mathematik, RWTH Aachen}
}

@misc{plesken1994,
  author    = {Wilhelm Plesken},
  title     = {Kristallographische Gruppen, Summer semester},
  year      = {1994},
  publisher = {Lehrstuhl B fuer Mathematik, RWTH Aachen}
} 

@misc{plesken2014,
  author    = {Wilhelm Plesken},
  title     = {Kristallographische Gruppen, Summer semester},
  year      = {2014},
  publisher = {Lehrstuhl B fuer Mathematik, RWTH Aachen}
} 

@misc{polymaking0.8.7,
  author       = {Roeder, M. and GAP Team, T.},
  title        = {{polymaking}, Interfacing the geometry software polymake, {V}ersion 0.8.7},
  month        = {10},
  year         = {2023},
  note         = {GAP package},
  howpublished = {\href{https://gap-packages.github.io/polymaking/}{\texttt{https://gap-packages.github.io/}\discretionary{}{}{}\texttt{polymaking/}}},
  keywords     = {interface; polymake; computational geometry},
  printedkey   = {RT23}
}

@misc{steinert2021,
  author    = {Christian Steinert},
  title     = {Algebra mit Ecken und Kanten, Summer semester},
  year      = {2021},
  publisher = {Lehrstuhl für Algebra und Darstellungstheorie, RWTH Aachen}
}

@book{szczepanski2012geometry,
  title     = {Geometry of Crystallographic Groups},
  author    = {Szczepanski, A.},
  isbn      = {9789814412261},
  series    = {Algebra and discrete mathematics},
  url       = {https://books.google.de/books?id=wX26CgAAQBAJ},
  year      = {2012},
  publisher = {World Scientific}
} 

@PHDTHESIS{GoertzenPhD,
      author       = {Goertzen, Tom},
      title        = {Construction of Simplicial Surfaces with given Geometric Contraints},
      school       = {RWTH Aachen University},
      type         = {Dissertation},
      publisher    = {RWTH Aachen University},
      year         = {2024},
      doi          = {tbd},
      url          = {tbd},
      note         = {To be submitted}
}

@inproceedings{bridges23,
author = {Akpanya, Reymond and Goertzen, Tom and Wiesenhuetter, Sebastian and Niemeyer, Alice and Noennig, Jörg},
year = {2023},
month = {07},
pages = {},
title = {Topological Interlocking, Truchet Tiles and Self-Assemblies: A Construction-Kit for Civil Engineering Design}
}

@article{VoroNoodles,
author = {Ebert, Matthew and Akleman, Ergun and Krishnamurthy, Vinayak and Kulagin, Roman and Estrin, Yuri},
title = {VoroNoodles: Topological Interlocking with Helical Layered 2-Honeycombs},
journal = {Advanced Engineering Materials},
volume = {26},
number = {4},
pages = {2300831},
keywords = {Delone sets, topological interlocking, Voronoi tessellations, 2-honeycombs},
doi = {https://doi.org/10.1002/adem.202300831},
url = {https://onlinelibrary.wiley.com/doi/abs/10.1002/adem.202300831},
eprint = {https://onlinelibrary.wiley.com/doi/pdf/10.1002/adem.202300831},
}

@book{abeille_memoire_1735,
	title = {Machines et inventions approuvées par l’Académie Royale des Sciences depuis son établissement jusqu’à present; avec leur Description},
	publisher = {Académie royale des Sciences},
	author = {Gallon, J.-G.},
	year = {1735}
}

@book{frezier_theorie_1738,
	title = {La theorie et la pratique de la coupe des pierres et des bois, pour la construction des voutes et autres parties des bâtimens civils \& militaires, ou {Traité} de stereotomie a l'usage de l'architecture},
	volume = {2},
	publisher = {Doulsseker},
	author = {Frézier, Amédée François},
	year = {1738},
}

@inproceedings{glickman_g-block_1984,
	title = {The {G}-block system of vertically interlocking paving},
	booktitle = {Second {International} {Conference} on {Concrete} {Block} {Paving}},
	author = {Glickman, Michael},
	year = {1984},
	pages = {10--12},
	file = {Glickman - 1984 - The G-block system of vertically interlocking pavi.pdf:/Users/tom/Zotero/storage/DL4NQZFH/Glickman - 1984 - The G-block system of vertically interlocking pavi.pdf:application/pdf},
}

@article{dyskin_new_2001,
	title = {A new concept in design of materials and structures: assemblies of interlocked tetrahedron-shaped elements},
	volume = {44},
	issn = {1359-6462},
	url = {https://www.sciencedirect.com/science/article/pii/S135964620100968X},
	doi = {https://doi.org/10.1016/S1359-6462(01)00968-X},
	number = {12},
	journal = {Scripta Materialia},
	author = {Dyskin, A. V. and Estrin, Y. and Kanel-Belov, A. J. and Pasternak, E.},
	year = {2001},
	keywords = {Assembly of interlocked tetrahedrons, Composites, Mechanical properties, Structural behaviour, Toughness},
	pages = {2689--2694},
}

@article{dyskin_toughening_2001,
	title = {Toughening by {Fragmentation}—{How} {Topology} {Helps}},
	volume = {3},
	url = {https://onlinelibrary.wiley.com/doi/abs/10.1002/1527-2648%28200111%293%3A11%3C885%3A%3AAID-ADEM885%3E3.0.CO%3B2-P},
	doi = {https://doi.org/10.1002/1527-2648(200111)3:11<885::AID-ADEM885>3.0.CO;2-P},
	number = {11},
	journal = {Advanced Engineering Materials},
	author = {Dyskin, A. V. and Estrin, Y. and Kanel-Belov, A. J. and Pasternak, E.},
	year = {2001},
	note = {\_eprint: https://onlinelibrary.wiley.com/doi/pdf/10.1002/1527-2648\%28200111\%293\%3A11\%3C885\%3A\%3AAID-ADEM885\%3E3.0.CO\%3B2-P},
	pages = {885--888},
}

@article{dyskin_topological_2003,
	title = {Topological interlocking of platonic solids: {A} way to new materials and structures},
	volume = {83},
	issn = {0950-0839},
	url = {https://doi.org/10.1080/0950083031000065226},
	doi = {10.1080/0950083031000065226},
	number = {3},
	journal = {Philosophical Magazine Letters},
	author = {Dyskin, A. V. and Estrin, Y. and Kanel-Belov, A. J. and Pasternak, E.},
	month = jan,
	year = {2003},
	note = {Publisher: Taylor \& Francis},
	pages = {197--203},
	annote = {doi: 10.1080/0950083031000065226},
}

@article{kanel-belov_interlocking_2010,
    AUTHOR = {Kanel-Belov, A. J. and Dyskin, A. V. and Estrin, Y. and
              Pasternak, E. and Ivanov-Pogodaev, I. A.},
     TITLE = {Interlocking of convex polyhedra: towards a geometric theory
              of fragmented solids},
   JOURNAL = {Mosc. Math. J.},
  FJOURNAL = {Moscow Mathematical Journal},
    VOLUME = {10},
      YEAR = {2010},
    NUMBER = {2},
     PAGES = {337--342, 478--479},
      ISSN = {1609-3321,1609-4514},
   MRCLASS = {52B10},
  MRNUMBER = {2722801},
       DOI = {10.17323/1609-4514-2010-10-2-337-342},
       URL = {https://doi.org/10.17323/1609-4514-2010-10-2-337-342},
}

@article{topological-interlocking-platonic-solids,
author = {Dyskin, Arcady and Estrin, Yuri and Belov-Kanel, A. and Pasternak, E.},
year = {2003},
month = {03},
pages = {197-203},
title = {Topological interlocking of platonic solids: A way to new materials and structures},
volume = {83},
journal = {Philosophical Magazine Letters - PHIL MAG LETT},
doi = {10.1080/0950083031000065226}
}

@article{osteomorphic-block-estrin,
author = {Molotnikov, Andrey and Estrin, Yuri and Dyskin, Arcady and Pasternak, E. and Belov-Kanel, A.},
year = {2007},
month = {05},
pages = {1222-1232},
title = {Percolation mechanism of failure of a planar assembly of interlocked osteomorphic elements},
volume = {74},
journal = {Engineering Fracture Mechanics},
doi = {10.1016/j.engfracmech.2006.07.012}
}

@PHDTHESIS{wang,
title = {Computational Analysis and Design of Structurally Stable Assemblies with Rigid Parts},
author = {Wang, Ziqi},
year = {2021}
}